<record><leader>00000cas a2200000 a 4500</leader><controlfield tag="001">17624864</controlfield><controlfield tag="008">880314d1971197ufluuu ne      0   a0eng d</controlfield><datafield ind1=" " ind2=" " tag="010"><subfield code="a">sn 94053370 </subfield></datafield><datafield ind1=" " ind2=" " tag="040"><subfield code="a">KFS</subfield><subfield code="b">eng</subfield><subfield code="c">KFS</subfield><subfield code="d">CNW</subfield><subfield code="d">OCL</subfield><subfield code="d">OCLCQ</subfield><subfield code="d">OCLCO</subfield><subfield code="d">OCLCF</subfield><subfield code="d">OCLCA</subfield></datafield><datafield ind1="1" ind2=" " tag="029"><subfield code="a">AU@</subfield><subfield code="b">000011357916</subfield></datafield><datafield ind1=" " ind2=" " tag="042"><subfield code="a">msc</subfield></datafield><datafield ind1=" " ind2=" " tag="043"><subfield code="a">n-us-fl</subfield></datafield><datafield ind1="0" ind2=" " tag="130"><subfield code="a">Midnight sun (Boca Raton, Fla.)</subfield></datafield><datafield ind1="1" ind2="4" tag="245"><subfield code="a">The midnight sun.</subfield></datafield><datafield ind1=" " ind2=" " tag="260"><subfield code="a">Boca Raton [Fla.] :</subfield><subfield code="b">Published by students of, from, or circulating around the Florida Atlantic University</subfield></datafield><datafield ind1=" " ind2=" " tag="300"><subfield code="a">v. :</subfield><subfield code="b">ill. ;</subfield><subfield code="c">46 cm.</subfield></datafield><datafield ind1="1" ind2=" " tag="362"><subfield code="a">Began in Jan. 1971.</subfield></datafield><datafield ind1=" " ind2=" " tag="515"><subfield code="a">Some issues unnumbered and undated.</subfield></datafield><datafield ind1="2" ind2="0" tag="610"><subfield code="a">Florida Atlantic University</subfield><subfield code="x">Students</subfield><subfield code="v">Periodicals.</subfield></datafield><datafield ind1=" " ind2="0" tag="650"><subfield code="a">Students</subfield><subfield code="x">Political activity</subfield><subfield code="z">Florida</subfield><subfield code="v">Periodicals.</subfield></datafield><datafield ind1=" " ind2="0" tag="651"><subfield code="a">Boca Raton (Fla.)</subfield><subfield code="v">Newspapers.</subfield></datafield><datafield ind1=" " ind2="7" tag="655"><subfield code="a">Student protest literature</subfield><subfield code="z">Florida</subfield><subfield code="x">Periodicals.</subfield><subfield code="2">rbgenr</subfield></datafield><datafield ind1=" " ind2="7" tag="655"><subfield code="a">Newspapers.</subfield><subfield code="2">fast</subfield><subfield code="0">(OCoLC)fst01423814</subfield></datafield><datafield ind1=" " ind2="7" tag="655"><subfield code="a">Periodicals.</subfield><subfield code="2">fast</subfield><subfield code="0">(OCoLC)fst01411641</subfield></datafield><datafield ind1="2" ind2="7" tag="610"><subfield code="a">Florida Atlantic University.</subfield><subfield code="2">fast</subfield><subfield code="0">(OCoLC)fst00511183</subfield></datafield><datafield ind1=" " ind2="7" tag="650"><subfield code="a">Students.</subfield><subfield code="2">fast</subfield><subfield code="0">(OCoLC)fst01136041</subfield></datafield><datafield ind1=" " ind2="7" tag="650"><subfield code="a">Students</subfield><subfield code="x">Political activity.</subfield><subfield code="2">fast</subfield><subfield code="0">(OCoLC)fst01136098</subfield></datafield><datafield ind1=" " ind2="7" tag="651"><subfield code="a">Florida.</subfield><subfield code="2">fast</subfield><subfield code="0">(OCoLC)fst01205150</subfield></datafield><datafield ind1=" " ind2="7" tag="651"><subfield code="a">Florida</subfield><subfield code="z">Boca Raton.</subfield><subfield code="2">fast</subfield><subfield code="0">(OCoLC)fst01205583</subfield></datafield><datafield ind1=" " ind2=" " tag="752"><subfield code="a">United States</subfield><subfield code="b">Florida</subfield><subfield code="c">Palm Beach</subfield><subfield code="d">Boca Raton.</subfield></datafield></record>